[gd_scene load_steps=14 format=2]

[ext_resource path="res://Pixica Fonts/PixicaMono-Regular.ttf" type="DynamicFontData" id=1]
[ext_resource path="res://Start Menu/StartMenu.gd" type="Script" id=2]
[ext_resource path="res://Pixica Fonts/Pixica-Regular.ttf" type="DynamicFontData" id=3]
[ext_resource path="res://UI/Button Style Focus.tres" type="StyleBox" id=4]
[ext_resource path="res://UI/Button Style Pressed.tres" type="StyleBox" id=5]
[ext_resource path="res://UI/Button Style Normal.tres" type="StyleBox" id=6]
[ext_resource path="res://UI/Button Style Hover.tres" type="StyleBox" id=7]

[sub_resource type="StyleBoxFlat" id=1]
bg_color = Color( 0.0862745, 0.0509804, 0.0745098, 1 )

[sub_resource type="DynamicFont" id=2]
font_data = ExtResource( 3 )

[sub_resource type="StyleBoxFlat" id=3]
content_margin_left = 3.0
content_margin_right = 3.0
content_margin_top = 3.0
content_margin_bottom = 3.0
draw_center = false
border_width_left = 1
border_width_top = 1
border_width_right = 1
border_width_bottom = 1
border_color = Color( 0.607843, 0.298039, 0.388235, 1 )
anti_aliasing = false

[sub_resource type="StyleBoxFlat" id=4]
content_margin_left = 3.0
content_margin_right = 3.0
content_margin_top = 3.0
content_margin_bottom = 3.0
bg_color = Color( 0.192157, 0.160784, 0.243137, 1 )

[sub_resource type="StyleBoxFlat" id=5]
content_margin_left = 3.0
content_margin_right = 3.0
content_margin_top = 3.0
content_margin_bottom = 3.0
bg_color = Color( 0.192157, 0.160784, 0.243137, 1 )

[sub_resource type="DynamicFont" id=6]
font_data = ExtResource( 1 )

[node name="StartMenu" type="Control"]
anchor_right = 1.004
anchor_bottom = 0.998
margin_right = -0.0240173
margin_bottom = -0.0880127
script = ExtResource( 2 )
__meta__ = {
"_edit_use_anchors_": false
}

[node name="Input Panel" type="Panel" parent="."]
anchor_right = 0.996
anchor_bottom = 1.002
margin_right = 0.0279846
margin_bottom = 0.0899658
custom_styles/panel = SubResource( 1 )
__meta__ = {
"_edit_use_anchors_": false
}

[node name="VBoxContainer" type="VBoxContainer" parent="Input Panel"]
anchor_right = 0.976
anchor_bottom = 1.0
margin_left = 40.0
margin_top = 112.0
margin_right = -33.856
margin_bottom = -224.0
custom_constants/separation = 20
__meta__ = {
"_edit_use_anchors_": false
}

[node name="VBoxContainer" type="VBoxContainer" parent="Input Panel/VBoxContainer"]
margin_right = 175.0
margin_bottom = 78.0
custom_constants/separation = 9

[node name="Name Container" type="VBoxContainer" parent="Input Panel/VBoxContainer/VBoxContainer"]
margin_right = 175.0
margin_bottom = 34.0
custom_constants/separation = 2

[node name="Name Label" type="Label" parent="Input Panel/VBoxContainer/VBoxContainer/Name Container"]
margin_right = 175.0
margin_bottom = 13.0
custom_fonts/font = SubResource( 2 )
custom_colors/font_color = Color( 0.666667, 0.666667, 0.666667, 1 )
text = "Enter Your Name"
__meta__ = {
"_edit_use_anchors_": false
}

[node name="Name" type="LineEdit" parent="Input Panel/VBoxContainer/VBoxContainer/Name Container"]
margin_top = 15.0
margin_right = 175.0
margin_bottom = 34.0
focus_neighbour_bottom = NodePath("../../Server Container/Server Ip")
focus_next = NodePath("../../Server Container/Server Ip")
custom_styles/focus = SubResource( 3 )
custom_styles/normal = SubResource( 4 )
custom_fonts/font = SubResource( 2 )

[node name="Server Container" type="VBoxContainer" parent="Input Panel/VBoxContainer/VBoxContainer"]
margin_top = 43.0
margin_right = 175.0
margin_bottom = 78.0
custom_constants/separation = 3

[node name="Server Label" type="Label" parent="Input Panel/VBoxContainer/VBoxContainer/Server Container"]
margin_right = 175.0
margin_bottom = 13.0
custom_fonts/font = SubResource( 2 )
custom_colors/font_color = Color( 0.666667, 0.666667, 0.666667, 1 )
text = "Enter The Server IP"
__meta__ = {
"_edit_use_anchors_": false
}

[node name="Server Ip" type="LineEdit" parent="Input Panel/VBoxContainer/VBoxContainer/Server Container"]
margin_top = 16.0
margin_right = 175.0
margin_bottom = 35.0
focus_neighbour_top = NodePath("../../Name Container/Name")
focus_neighbour_bottom = NodePath("../../Enter Game")
focus_next = NodePath("../../Enter Game")
focus_previous = NodePath("../../Name Container/Name")
custom_styles/focus = SubResource( 3 )
custom_styles/normal = SubResource( 5 )
custom_fonts/font = SubResource( 2 )
text = "5.tcp.eu.ngrok.io:15144"
__meta__ = {
"_edit_use_anchors_": false
}

[node name="Enter Game" type="Button" parent="Input Panel/VBoxContainer"]
margin_top = 98.0
margin_right = 175.0
margin_bottom = 117.0
custom_styles/hover = ExtResource( 7 )
custom_styles/pressed = ExtResource( 5 )
custom_styles/focus = ExtResource( 4 )
custom_styles/normal = ExtResource( 6 )
custom_fonts/font = SubResource( 6 )
text = "Enter A Match "
__meta__ = {
"_edit_use_anchors_": false
}

[connection signal="text_entered" from="Input Panel/VBoxContainer/VBoxContainer/Name Container/Name" to="." method="_on_Name_text_entered"]
[connection signal="text_entered" from="Input Panel/VBoxContainer/VBoxContainer/Server Container/Server Ip" to="." method="_on_Server_Ip_text_entered"]
[connection signal="pressed" from="Input Panel/VBoxContainer/Enter Game" to="." method="_on_Enter_Game_pressed"]
