[gd_scene load_steps=14 format=2]

[ext_resource path="res://Start Menu/Ball.png" type="Texture" id=1]
[ext_resource path="res://Pixica Fonts/Pixica-Regular.ttf" type="DynamicFontData" id=2]

[sub_resource type="StyleBoxFlat" id=1]
content_margin_left = 4.0
content_margin_right = 4.0
content_margin_top = 4.0
content_margin_bottom = 4.0
bg_color = Color( 0.192157, 0.160784, 0.243137, 1 )
border_width_left = 1
border_width_top = 1
border_width_right = 1
border_width_bottom = 1
border_color = Color( 0.607843, 0.298039, 0.388235, 1 )
corner_detail = 1
anti_aliasing = false

[sub_resource type="DynamicFont" id=2]
font_data = ExtResource( 2 )

[sub_resource type="AtlasTexture" id=3]
flags = 4
atlas = ExtResource( 1 )
region = Rect2( 0, 0, 64, 64 )

[sub_resource type="AtlasTexture" id=4]
flags = 4
atlas = ExtResource( 1 )
region = Rect2( 64, 0, 64, 64 )

[sub_resource type="AtlasTexture" id=5]
flags = 4
atlas = ExtResource( 1 )
region = Rect2( 128, 0, 64, 64 )

[sub_resource type="AtlasTexture" id=6]
flags = 4
atlas = ExtResource( 1 )
region = Rect2( 192, 0, 64, 64 )

[sub_resource type="AtlasTexture" id=7]
flags = 4
atlas = ExtResource( 1 )
region = Rect2( 256, 0, 64, 64 )

[sub_resource type="AtlasTexture" id=8]
flags = 4
atlas = ExtResource( 1 )
region = Rect2( 320, 0, 64, 64 )

[sub_resource type="AtlasTexture" id=9]
flags = 4
atlas = ExtResource( 1 )
region = Rect2( 384, 0, 64, 64 )

[sub_resource type="AtlasTexture" id=10]
flags = 4
atlas = ExtResource( 1 )
region = Rect2( 448, 0, 64, 64 )

[sub_resource type="SpriteFrames" id=11]
animations = [ {
"frames": [ SubResource( 3 ), SubResource( 4 ), SubResource( 5 ), SubResource( 6 ), SubResource( 7 ), SubResource( 8 ), SubResource( 9 ), SubResource( 10 ) ],
"loop": true,
"name": "default",
"speed": 8.0
} ]

[node name="PopupDialog" type="PopupDialog"]
margin_right = 192.0
margin_bottom = 128.0
custom_styles/panel = SubResource( 1 )
popup_exclusive = true
__meta__ = {
"_edit_use_anchors_": false
}

[node name="Label" type="Label" parent="."]
margin_left = 48.0
margin_top = 16.0
margin_right = 144.0
margin_bottom = 45.0
custom_fonts/font = SubResource( 2 )
text = "Waiting for 
the second player"
align = 1
__meta__ = {
"_edit_use_anchors_": false
}

[node name="AnimatedSprite" type="AnimatedSprite" parent="."]
position = Vector2( 96, 88 )
frames = SubResource( 11 )
frame = 1
playing = true
